@Article{Wer2016,
AUTHOR = {Werner, A. T. & Cannon, A. J.},
TITLE = {Hydrologic extremes -- an intercomparison of multiple gridded statistical
downscaling methods},
JOURNAL = {Hydrology and Earth System Sciences},
VOLUME = {20},
YEAR = {2016},
NUMBER = {4},
PAGES = {1483--1508},
URL = {https://hess.copernicus.org/articles/20/1483/2016/},
DOI = {10.5194/hess-20-1483-2016}
}

@article {Can2015,
      author = "Alex J. Cannon and Stephen R. Sobie and Trevor Q. Murdock",
      title = "Bias Correction of GCM Precipitation by Quantile Mapping: How Well Do Methods Preserve Changes in Quantiles and Extremes?",
      journal = "Journal of Climate",
      year = "2015",
      publisher = "American Meteorological Society",
      address = "Boston MA, USA",
      volume = "28",
      number = "17",
      doi = "10.1175/JCLI-D-14-00754.1",
      pages=      "6938 - 6959",
      url = "https://journals.ametsoc.org/view/journals/clim/28/17/jcli-d-14-00754.1.xml"
}

@article{Gutowski2020,
  doi = {10.1175/bams-d-19-0113.1},
  url = {https://doi.org/10.1175/bams-d-19-0113.1},
  year = {2020},
  month = may,
  publisher = {American Meteorological Society},
  volume = {101},
  number = {5},
  pages = {E664--E683},
  author = {W. J. Gutowski and P. A. Ullrich and A. Hall and L. R. Leung and T. A. O'Brien and C. M. Patricola and R. W. Arritt and M. S. Bukovsky and K. V. Calvin and Z. Feng and A. D. Jones and G. J. Kooperman and E. Monier and M. S. Pritchard and S. C. Pryor and Y. Qian and A. M. Rhoades and A. F. Roberts and K. Sakaguchi and N. Urban and C. Zarzycki},
  title = {The Ongoing Need for High-Resolution Regional Climate Models: Process Understanding and Stakeholder Information},
  journal = {Bulletin of the American Meteorological Society}
}

@article{NavarroRacines2020,
  doi = {10.1038/s41597-019-0343-8},
  url = {https://doi.org/10.1038/s41597-019-0343-8},
  year = {2020},
  month = jan,
  publisher = {Springer Science and Business Media {LLC}},
  volume = {7},
  number = {1},
  author = {Carlos Navarro-Racines and Jaime Tarapues and Philip Thornton and Andy Jarvis and Julian Ramirez-Villegas},
  title = {High-resolution and bias-corrected {CMIP}5 projections for climate change impact assessments},
  journal = {Scientific Data}
}

@article{DiLuca2015,
  doi = {10.1007/s40641-015-0003-9},
  url = {https://doi.org/10.1007/s40641-015-0003-9},
  year = {2015},
  month = feb,
  publisher = {Springer Science and Business Media {LLC}},
  volume = {1},
  number = {1},
  pages = {10--21},
  author = {Alejandro Di Luca and Ram{\'{o}}n de El{\'{\i}}a and Ren{\'{e}} Laprise},
  title = {Challenges in the Quest for Added Value of Regional Climate Dynamical Downscaling},
  journal = {Current Climate Change Reports}
}

@article{Lafferty2021,
  doi = {10.1038/s43247-021-00266-9},
  url = {https://doi.org/10.1038/s43247-021-00266-9},
  year = {2021},
  month = sep,
  publisher = {Springer Science and Business Media {LLC}},
  volume = {2},
  number = {1},
  author = {David C. Lafferty and Ryan L. Sriver and Iman Haqiqi and Thomas W. Hertel and Klaus Keller and Robert E. Nicholas},
  title = {Statistically bias-corrected and downscaled climate models underestimate the adverse effects of extreme heat on U.S. maize yields},
  journal = {Communications Earth {\&}amp$\mathsemicolon$ Environment}
}

@article{Orr2021,
  doi = {10.1098/rsta.2020.0219},
  url = {https://doi.org/10.1098/rsta.2020.0219},
  year = {2021},
  month = mar,
  publisher = {The Royal Society},
  volume = {379},
  number = {2195},
  pages = {20200219},
  author = {H. G. Orr and M. Ekstr\"{o}m and M. B. Charlton and K. L. Peat and H. J. Fowler},
  title = {Using high-resolution climate change information in water management: a decision-makers{\textquotesingle} perspective},
  journal = {Philosophical Transactions of the Royal Society A: Mathematical,  Physical and Engineering Sciences}
}

@article{Briley2015,
  doi = {10.1016/j.crm.2015.04.004},
  url = {https://doi.org/10.1016/j.crm.2015.04.004},
  year = {2015},
  publisher = {Elsevier {BV}},
  volume = {9},
  pages = {41--49},
  author = {Laura Briley and Daniel Brown and Scott E. Kalafatis},
  title = {Overcoming barriers during the co-production of climate information for decision-making},
  journal = {Climate Risk Management}
}

@article{Cash2006,
  doi = {10.1177/0162243906287547},
  url = {https://doi.org/10.1177/0162243906287547},
  year = {2006},
  month = jul,
  publisher = {{SAGE} Publications},
  volume = {31},
  number = {4},
  pages = {465--494},
  author = {David W. Cash and Jonathan C. Borck and Anthony G. Patt},
  title = {Countering the Loading-Dock Approach to Linking Science and Decision Making},
  journal = {Science,  Technology,  {\&}amp$\mathsemicolon$ Human Values}
}

@article{Meyer2011,
  doi = {10.1007/s11024-011-9164-4},
  url = {https://doi.org/10.1007/s11024-011-9164-4},
  year = {2011},
  month = mar,
  publisher = {Springer Science and Business Media {LLC}},
  volume = {49},
  number = {1},
  pages = {47--70},
  author = {Ryan Meyer},
  title = {The Public Values Failures of Climate Science in the {US}},
  journal = {Minerva}
}

@article{Lemos2012,
  doi = {10.1038/nclimate1614},
  url = {https://doi.org/10.1038/nclimate1614},
  year = {2012},
  month = oct,
  publisher = {Springer Science and Business Media {LLC}},
  volume = {2},
  number = {11},
  pages = {789--794},
  author = {Maria Carmen Lemos and Christine J. Kirchhoff and Vijay Ramprasad},
  title = {Narrowing the climate information usability gap},
  journal = {Nature Climate Change}
}

@article{Smid2017,
  doi = {10.1080/12265934.2017.1409132},
  url = {https://doi.org/10.1080/12265934.2017.1409132},
  year = {2017},
  month = nov,
  publisher = {Informa {UK} Limited},
  volume = {22},
  number = {3},
  pages = {277--307},
  author = {Marek Smid and Ana Cristina Costa},
  title = {Climate projections and downscaling techniques: a discussion for impact studies in urban systems},
  journal = {International Journal of Urban Sciences}
}

@article{Roberts2018,
  doi = {10.1175/bams-d-15-00320.1},
  url = {https://doi.org/10.1175/bams-d-15-00320.1},
  year = {2018},
  month = nov,
  publisher = {American Meteorological Society},
  volume = {99},
  number = {11},
  pages = {2341--2359},
  author = {M. J. Roberts and P. L. Vidale and C. Senior and H. T. Hewitt and C. Bates and S. Berthou and P. Chang and H. M. Christensen and S. Danilov and M.-E. Demory and S. M. Griffies and R. Haarsma and T. Jung and G. Martin and S. Minobe and T. Ringler and M. Satoh and R. Schiemann and E. Scoccimarro and G. Stephens and M. F. Wehner},
  title = {The Benefits of Global High Resolution for Climate Simulation: Process Understanding and the Enabling of Stakeholder Decisions at the Regional Scale},
  journal = {Bulletin of the American Meteorological Society}
}

@article{Overpeck2011,
  doi = {10.1126/science.1197869},
  url = {https://doi.org/10.1126/science.1197869},
  year = {2011},
  month = feb,
  publisher = {American Association for the Advancement of Science ({AAAS})},
  volume = {331},
  number = {6018},
  pages = {700--702},
  author = {Jonathan T. Overpeck and Gerald A. Meehl and Sandrine Bony and David R. Easterling},
  title = {Climate Data Challenges in the 21st Century},
  journal = {Science}
}

@article{Buontempo2020,
  doi = {10.1016/j.wace.2019.100226},
  url = {https://doi.org/10.1016/j.wace.2019.100226},
  year = {2020},
  month = mar,
  publisher = {Elsevier {BV}},
  volume = {27},
  pages = {100226},
  author = {Carlo Buontempo and Ronald Hutjes and Philip Beavis and Julie Berckmans and Chiara Cagnazzo and Freja Vamborg and Jean-Noël Th{\'{e}}paut and Cedric Bergeron and Samuel Almond and Alessandro Amici and Selvaraju Ramasamy and Dick Dee},
  title = {Fostering the development of climate services through Copernicus Climate Change Service (C3S) for agriculture applications},
  journal = {Weather and Climate Extremes}
}

@article{Morand2015,
  url = {http://www.climateontario.ca/doc/Survey/ClimateInformationNeedsSurveyResults-OCCIAR.pdf},
  year = {2015},
  author = {Morand, C.A., and Douglas, A., and Richard, J.},
  title = {A Survey of Climate Information Needs Among Users in Ontario, Canada}
}

@article{Harris2020,
  doi = {10.1038/s41586-020-2649-2},
  url = {https://doi.org/10.1038/s41586-020-2649-2},
  year = {2020},
  month = sep,
  publisher = {Springer Science and Business Media {LLC}},
  volume = {585},
  number = {7825},
  pages = {357--362},
  author = {Charles R. Harris and K. Jarrod Millman and St{\'{e}}fan J. van der Walt and Ralf Gommers and Pauli Virtanen and David Cournapeau and Eric Wieser and Julian Taylor and Sebastian Berg and Nathaniel J. Smith and Robert Kern and Matti Picus and Stephan Hoyer and Marten H. van Kerkwijk and Matthew Brett and Allan Haldane and Jaime Fern{\'{a}}ndez del R{\'{\i}}o and Mark Wiebe and Pearu Peterson and Pierre G{\'{e}}rard-Marchant and Kevin Sheppard and Tyler Reddy and Warren Weckesser and Hameer Abbasi and Christoph Gohlke and Travis E. Oliphant},
  title = {Array programming with {NumPy}},
  journal = {Nature}
}

@article{vanderWalt2011,
  doi = {10.1109/mcse.2011.37},
  url = {https://doi.org/10.1109/mcse.2011.37},
  year = {2011},
  month = mar,
  publisher = {Institute of Electrical and Electronics Engineers ({IEEE})},
  volume = {13},
  number = {2},
  pages = {22--30},
  author = {St{\'{e}}fan van der Walt and S Chris Colbert and Gaël Varoquaux},
  title = {The {NumPy} Array: A Structure for Efficient Numerical Computation},
  journal = {Computing in Science {\&}amp$\mathsemicolon$ Engineering}
}